<record><leader>00000cas a22000007a 4500</leader><controlfield tag="001">8780299</controlfield><controlfield tag="008">820916d18uu1855iauwr ne      0    0eng  </controlfield><datafield ind1=" " ind2=" " tag="010"><subfield code="a">sn 82014132 </subfield></datafield><datafield ind1=" " ind2=" " tag="040"><subfield code="a">DLC</subfield><subfield code="b">eng</subfield><subfield code="c">DLC</subfield><subfield code="d">INP</subfield><subfield code="d">DLC</subfield><subfield code="d">INP</subfield><subfield code="d">OCLCQ</subfield></datafield><datafield ind1=" " ind2=" " tag="042"><subfield code="a">msc</subfield></datafield><datafield ind1="0" ind2="0" tag="050"><subfield code="a">Newspaper 7797</subfield></datafield><datafield ind1="0" ind2="4" tag="245"><subfield code="a">The Keokuk dispatch.</subfield></datafield><datafield ind1="1" ind2="7" tag="246"><subfield code="a">Dispatch</subfield><subfield code="f">&lt;May 10, 1853&gt;-Dec. 7, 1854</subfield></datafield><datafield ind1=" " ind2=" " tag="260"><subfield code="a">Keokuk, Iowa :</subfield><subfield code="b">R.L. Doyle,</subfield><subfield code="c">-1855.</subfield></datafield><datafield ind1=" " ind2=" " tag="300"><subfield code="a">v. ;</subfield><subfield code="c">71 cm.</subfield></datafield><datafield ind1=" " ind2=" " tag="310"><subfield code="a">Weekly</subfield></datafield><datafield ind1="0" ind2=" " tag="362"><subfield code="a">-v. 7, no. 52 (July 12, 1855).</subfield></datafield><datafield ind1=" " ind2=" " tag="500"><subfield code="a">Began between June 21, 1849 and June 25, 1850.</subfield></datafield><datafield ind1=" " ind2=" " tag="525"><subfield code="a">Supplements accompany some issues.</subfield></datafield><datafield ind1=" " ind2=" " tag="588"><subfield code="a">Description based on: Vol. 2, no. 50 (June 25, 1850).</subfield></datafield><datafield ind1=" " ind2=" " tag="752"><subfield code="a">United States</subfield><subfield code="b">Iowa</subfield><subfield code="c">Lee</subfield><subfield code="d">Keokuk.</subfield></datafield><datafield ind1="0" ind2=" " tag="775"><subfield code="t">Keokuk tri-weekly dispatch</subfield><subfield code="w">(DLC)sn 86060236</subfield></datafield><datafield ind1="0" ind2="0" tag="780"><subfield code="t">Keokuk telegraphic weekly dispatch</subfield><subfield code="w">(DLC)sn 82014121</subfield></datafield><datafield ind1="0" ind2="0" tag="785"><subfield code="t">Keokuk weekly dispatch</subfield><subfield code="w">(DLC)sn 82014120</subfield></datafield></record>